@article{weisstein,
	author = "Weisstein, Eric W.",
	title = {{Queens Problem}},
	year = "2015",
	journal = "MathWorld--A Wolfram Web Resource",
	url = {http://mathworld.wolfram.com/QueensProblem.html}
}

@article{thada,
	author = "Thada, Vikas and Dhaka, Shivali",
	title = {{Performance Analysis of N-Queen Problem using Backtracking and Genetic Algorithm Techniques}},
	year = "2014",
	journal = "International Journal of Computer Applications",
	url = {http://research.ijcaonline.org/volume102/number7/pxc3898667.pdf}
}

@misc{wiki,
	author = "Wikipedia",
	title = "Problema de las ocho reinas --- Wikipedia{,} La enciclopedia libre",
	year = "2015",
	url = "http://es.wikipedia.org/w/index.php?title=Problema_de_las_ocho_reinas&oldid=80246913",
}

@misc{scalajs,
	title = "Scala.js",
	author = "Doeraene, SÃ©bastien",
	year = "2015",
	url = "http://www.scala-js.org/"
}

@misc{genetics,
	title = "Genetics",
	url = "https://github.com/rolodato/genetics"
}
