@article{weisstein,
	author = "Weisstein, Eric W.",
	title = {{Queens Problem}},
	year = "2015",
	journal = "MathWorld--A Wolfram Web Resource",
	url = {http://mathworld.wolfram.com/QueensProblem.html}
}

@article{thada,
	author = "Thada, Vikas and Dhaka, Shivali",
	title = {{Performance Analysis of N-Queen Problem using Backtracking and Genetic Algorithm Techniques}},
	year = "2014",
	journal = "International Journal of Computer Applications",
	url = {http://research.ijcaonline.org/volume102/number7/pxc3898667.pdf}
}

@misc{wiki,
	author = "Wikipedia",
	title = "Problema de las ocho reinas --- Wikipedia{,} La enciclopedia libre",
	year = "2015",
	url = "http://es.wikipedia.org/w/index.php?title=Problema_de_las_ocho_reinas&oldid=80246913",
}

@misc{scalajs,
	title = "Scala.js",
	author = "Doeraene, Sébastien",
	year = "2015",
	url = "http://www.scala-js.org/"
}

@misc{genetics,
	title = "Genetics",
	url = "https://github.com/rolodato/genetics"
}

@misc{frontend,
	title = "Genetics web front-end",
	url = "https://rolodato.github.io/utn-ia/"
}

@misc{jgap,
	title = "JGAP",
	author = "Meffert, Klaus",
	url = "http://jgap.sourceforge.net/"
}

@misc{jenetics,
	title = "Jenetics",
	author = "Wilhelmstötter, Franz",
	url = "http://jenetics.io"
}

@book{geneticalgorithms,
	title = "Adaptation in natural and artificial systems: An introductory analysis with applications to biology, control, and and artificial intelligence",
	author = "John H. Holland",
	year = "1975",
	publisher = "U. of Michigan Press"
}

@book{sistemasinteligentes,
	title = "Sistemas Inteligentes",
	author = "R. García Martínez and M. Servente and D. Pasquini",
	year = "2007",
	publisher = "Editorial Nueva Librería"
}